@article{LUref,
  title={Necessary and sufficient conditions for existence of the LU factorization of an arbitrary matrix},
  author={Okunev, Pavel and Johnson, Charles R},
  journal={arXiv preprint math/0506382},
  year={2005}
}

@article{rossby,
	title={Relation between variations in the intensity of the zonal circulation of the atmosphere and the displacements of the semi-permanent centers of action},
	author={Rossby, Carl-Gustaf},
	journal={J. Mar. Res.},
	volume={2},
	pages={38--55},
	year={1939}
}

@article{mann2017influence,
	title={Influence of anthropogenic climate change on planetary wave resonance and extreme weather events},
	author={Mann, Michael E and Rahmstorf, Stefan and Kornhuber, Kai and Steinman, Byron A and Miller, Sonya K and Coumou, Dim},
	journal={Scientific Reports},
	volume={7},
	pages={45242},
	year={2017},
	publisher={Nature Publishing Group}
}

@article{bosc2008observed,
	title={Observed equatorial Rossby waves and ENSO-related warm water volume changes in the equatorial Pacific Ocean},
	author={Bosc, Christelle and Delcroix, Thierry},
	journal={Journal of Geophysical Research: Oceans},
	volume={113},
	number={C6},
	year={2008},
	publisher={Wiley Online Library}
}

@article{battisti1989role,
	title={On the role of off-equatorial oceanic Rossby waves during ENSO},
	author={Battisti, David S},
	journal={Journal of physical Oceanography},
	volume={19},
	number={4},
	pages={551--560},
	year={1989}
}

@article{hovmoller,
	title={The trough-and-ridge diagram},
	author={Hovm{\"o}ller, Ernest},
	journal={Tellus},
	volume={1},
	number={2},
	pages={62--66},
	year={1949},
	publisher={Wiley Online Library}
}

@unpublished{sjurkal,
	title={Two methods of solving linear second-order differential equations},
	author={Sjur, Anna Lina P. and Kallmyr, Jan-Adrian H.},
	year={2018},
	note={https://github.com/janadr/FYS3150/blob/ \\ master/prosjekt1/tex/main.pdf}
}

@unpublished{compphys,
	title={Computational physics},
	author={Hjorth-Jensen, Morten},
	year={2015},
	note={https://github.com/CompPhysics/ \\ ComputationalPhysics/blob/master/doc/ \\ Lectures/lectures2015.pdf}
}

@article{lagaris1998artificial,
  title={Artificial neural networks for solving ordinary and partial differential equations},
  author={Lagaris, Isaac E and Likas, Aristidis and Fotiadis, Dimitrios I},
  journal={IEEE transactions on neural networks},
  volume={9},
  number={5},
  pages={987--1000},
  year={1998},
  publisher={IEEE}
}

@article{yi2004neural,
  title={Neural networks based approach for computing eigenvectors and eigenvalues of symmetric matrix},
  author={Yi, Zhang and Fu, Yan and Tang, Hua Jin},
  journal={Computers \& Mathematics with Applications},
  volume={47},
  number={8-9},
  pages={1155--1164},
  year={2004},
  publisher={Elsevier}
}

@unpublished{prosjekt2,
	title={\href{https://github.com/janadr/FYS-STK4155/tree/master/project2/tex/main.pdf}{Using Neural Networks and Logistic Regression for Classification and Regression Problems}},
	author={JÃ¸rgensen, Eina B. and Sjur, Anna Lina P. and Kallmyr, Jan-Adrian H.},
	year={2019}
}

@article{chiaramonte2013solving,
  title={Solving differential equations using neural networks},
  author={Chiaramonte, MM and Kiener, M},
  journal={Machine Learning Project},
  pages={1},
  year={2013}
}
